<?xml version="1.0" encoding="UTF-8"?>
<collection xmlns:xsi="http://www.w3.org/2001/XMLSchema-instance" xsi:schemaLocation="http://www.loc.gov/MARC21/slim http://www.loc.gov/standards/marcxml/schema/MARC21slim.xsd" xmlns="http://www.loc.gov/MARC21/slim">
<record>
  <leader>00850cam a22002411  4500</leader>
  <controlfield tag="001">3074094</controlfield>
  <controlfield tag="003">NNC</controlfield>
  <controlfield tag="005">20160623143846.0</controlfield>
  <controlfield tag="008">010827s1953    iq            000 0 ara d</controlfield>
  <datafield tag="035" ind1=" " ind2=" ">
    <subfield code="a">(OCoLC)ocm47851878</subfield>
  </datafield>
  <datafield tag="035" ind1=" " ind2=" ">
    <subfield code="9">ATP7266CU</subfield>
  </datafield>
  <datafield tag="035" ind1=" " ind2=" ">
    <subfield code="a">(NNC)3074094</subfield>
  </datafield>
  <datafield tag="040" ind1=" " ind2=" ">
    <subfield code="a">ZCU</subfield>
    <subfield code="c">ZCU</subfield>
  </datafield>
  <datafield tag="041" ind1="1" ind2=" ">
    <subfield code="a">araeng</subfield>
    <subfield code="h">ita</subfield>
  </datafield>
  <datafield tag="099" ind1=" " ind2=" ">
    <subfield code="a">893.75</subfield>
    <subfield code="a">L29</subfield>
  </datafield>
  <datafield tag="100" ind1="1" ind2=" ">
    <subfield code="a">Lanza, Domenico.</subfield>
  </datafield>
  <datafield tag="245" ind1="1" ind2="3">
    <subfield code="a">al-Mawṣil fī al-qarn al-thāmin ʻashar ḥasb mudhakkirāt Domenico Lanza,</subfield>
    <subfield code="b">ʻarrabahā ʻan al-naṣṣ al-Īṭālī al-qass Rūfāʾīl Bīdāwīd.</subfield>
  </datafield>
  <datafield tag="246" ind1="0" ind2=" ">
    <subfield code="i">Added t.-p. in English:</subfield>
    <subfield code="a">Mosul in the 18th century according to the memoir of Domenico Lanza</subfield>
  </datafield>
  <datafield tag="250" ind1=" " ind2=" ">
    <subfield code="a">al-Ṭabʻ al-2.</subfield>
  </datafield>
  <datafield tag="260" ind1=" " ind2=" ">
    <subfield code="a">al-Mawṣil :</subfield>
    <subfield code="b">al-Maṭbaʻah al-Sharqīyah al-Ḥadīthah,</subfield>
    <subfield code="c">1953.</subfield>
  </datafield>
  <datafield tag="300" ind1=" " ind2=" ">
    <subfield code="a">101 p.</subfield>
  </datafield>
  <datafield tag="651" ind1=" " ind2="0">
    <subfield code="a">Mosul (Iraq)</subfield>
    <subfield code="x">History.</subfield>
  </datafield>
  <datafield tag="955" ind1=" " ind2=" ">
    <subfield code="b">CU58884505</subfield>
    <subfield code="d">off,glx</subfield>
    <subfield code="e">893.75 L29</subfield>
  </datafield>
</record>
</collection>